@inproceedings{wu2023great,
	title={How the Great Firewall of China detects and blocks fully encrypted traffic},
	author={Wu, M. and Sippe, J. and Sivakumar, D. and Burg, J. and Anderson, P. and Wang, X. and Wustrow, E.},
	booktitle={32nd USENIX Security Symposium (USENIX Security 23)},
	pages={2653--2670},
	year={2023}
}

@inproceedings{yadav2018light,
	title={Where the light gets in: Analyzing web censorship mechanisms in India},
	author={Yadav, T. K. and Sinha, A. and Gosain, D. and Sharma, P. K. and Chakravarty, S.},
	booktitle={Proceedings of the Internet Measurement Conference 2018},
	pages={252--264},
	year={2018}
}

@inproceedings{aryan2013iran,
	title={Internet censorship in Iran: A first look},
	author={Aryan, S. and Aryan, H. and Halderman, J. A.},
	booktitle={3rd USENIX Workshop on Free and Open Communications on the Internet (FOCI 13)},
	year={2013}
}

@inproceedings{wang2017state,
	title={Your state is not mine: A closer look at evading stateful internet censorship},
	author={Wang, Z. and Cao, Y. and Qian, Z. and Song, C. and Krishnamurthy, S. V.},
	booktitle={Proceedings of the 2017 Internet Measurement Conference},
	pages={114--127},
	year={2017}
}

@inproceedings{ensafi2015firewall,
	title={Examining how the Great Firewall discovers hidden circumvention servers},
	author={Ensafi, R. and Fifield, D. and Winter, P. and Feamster, N. and Weaver, N. and Paxson, V.},
	booktitle={Proceedings of the 2015 Internet Measurement Conference},
	pages={445--458},
	year={2015}
}

@inproceedings{chai2019importance,
	title={On the Importance of Encrypted-SNI (ESNI) to Censorship Circumvention},
	author={Chai, Z. and Ghafari, A. and Houmansadr, A.},
	booktitle={9th USENIX Workshop on Free and Open Communications on the Internet (FOCI 19)},
	year={2019}
}

@inproceedings{aceto2017italy,
	title={Internet censorship in Italy: An analysis of 3G/4G networks},
	author={Aceto, G. and Montieri, A. and Pescap√©, A.},
	booktitle={2017 IEEE International Conference on Communications (ICC)},
	pages={1--6},
	year={2017}
}

@inproceedings{xue2021throttling,
	title={Throttling Twitter: an emerging censorship technique in Russia},
	author={Xue, D. and Ramesh, R. and Evdokimov, L. and Viktorov, A. and Jain, A. and Wustrow, E. and Ensafi, R.},
	booktitle={Proceedings of the 21st ACM Internet Measurement Conference},
	pages={435--443},
	year={2021}
}

@inproceedings{marczak2015great,
	title={An Analysis of China's "Great Cannon"},
	author={Marczak, B. and Weaver, N. and Dalek, J. and Ensafi, R. and Fifield, D. and McKune, S. and Paxson, V.},
	booktitle={5th USENIX Workshop on Free and Open Communications on the Internet (FOCI 15)},
	year={2015}
}

@inproceedings{leberknight2010taxonomy,
	title={A taxonomy of Internet censorship and anti-censorship},
	author={Leberknight, C. S. and Chiang, M. and Poor, H. V. and Wong, F.},
	booktitle={Fifth International Conference on Fun with Algorithms},
	pages={52--64},
	year={2010}
}

@article{nebuchadnezzar2012collateral,
	title={The collateral damage of internet censorship by DNS injection},
	author={Nebuchadnezzar, H.},
	journal={ACM SIGCOMM Computer Communication Review},
	volume={42},
	number={3},
	pages={10--1145},
	year={2012}
}

@inproceedings{houmansadr2013parrot,
	title={The parrot is dead: Observing unobservable network communications},
	author={Houmansadr, A. and Brubaker, C. and Shmatikov, V.},
	booktitle={2013 IEEE Symposium on Security and Privacy},
	pages={65--79},
	year={2013},
	month={May},
	organization={IEEE}
}

@inproceedings{karlin2011decoy,
	title={Decoy routing: Toward unblockable internet communication},
	author={Karlin, Joshua and Ellard, Daniel and Jackson, Andrew W. and Jones, Christian E. and Lauer, Greg and Mankins, David P. and Strayer, William T.},
	booktitle={USENIX Workshop on Free and Open Communications on the Internet (FOCI 11)},
	year={2011}
}

@inproceedings{houmansadr2011cirripede,
	title={Cirripede: Circumvention infrastructure using router redirection with plausible deniability},
	author={Houmansadr, A. and Nguyen, G. T. and Caesar, M. and Borisov, N.},
	booktitle={Proceedings of the 18th ACM conference on Computer and communications security},
	pages={187--200},
	year={2011},
	month={October}
}